<record><leader>00000cas a2200000Ma 4500</leader><controlfield tag="001">192102136</controlfield><controlfield tag="008">830422d18741909meuwr ne      0    0eng  </controlfield><datafield ind1=" " ind2=" " tag="010"><subfield code="a">sn 83016131 </subfield></datafield><datafield ind1=" " ind2=" " tag="040"><subfield code="a">DLC</subfield><subfield code="b">eng</subfield><subfield code="c">AQM</subfield><subfield code="d">OCLCQ</subfield></datafield><datafield ind1=" " ind2=" " tag="043"><subfield code="a">n-us-me</subfield></datafield><datafield ind1="0" ind2="0" tag="245"><subfield code="a">Lincoln County news.</subfield></datafield><datafield ind1=" " ind2=" " tag="260"><subfield code="a">Waldoboro, Me. :</subfield><subfield code="b">Miller &amp; Atwood</subfield></datafield><datafield ind1=" " ind2=" " tag="300"><subfield code="a">v. :</subfield><subfield code="b">ill. (chiefly advertisements) ;</subfield><subfield code="c">68 cm.</subfield></datafield><datafield ind1=" " ind2=" " tag="310"><subfield code="a">Weekly</subfield></datafield><datafield ind1="1" ind2=" " tag="362"><subfield code="a">Began in 1874; ceased in 1909?</subfield></datafield><datafield ind1=" " ind2=" " tag="500"><subfield code="a">Editors: S.L. Miller and C.M. Atwood, &lt;1875-1876&gt;.</subfield></datafield><datafield ind1=" " ind2=" " tag="500"><subfield code="a">"Independent."</subfield></datafield><datafield ind1=" " ind2=" " tag="580"><subfield code="a">Continues: Monthly news (non-extant?). Cf. Maine Press Assn. annual rept., 1912.</subfield></datafield><datafield ind1=" " ind2=" " tag="588"><subfield code="a">Description based on: Vol. 3, no. 40 (Oct. 1, 1875).</subfield></datafield><datafield ind1=" " ind2="7" tag="655"><subfield code="a">Newspapers.</subfield><subfield code="2">rbgenr</subfield></datafield><datafield ind1="1" ind2=" " tag="700"><subfield code="a">Miller, Samuel L.,</subfield><subfield code="d">1844-1911.</subfield></datafield><datafield ind1="1" ind2=" " tag="700"><subfield code="a">Atwood, Charles M.</subfield></datafield><datafield ind1=" " ind2=" " tag="752"><subfield code="a">United States</subfield><subfield code="b">Maine</subfield><subfield code="c">Lincoln</subfield><subfield code="d">Waldoboro.</subfield></datafield><datafield ind1="1" ind2="0" tag="780"><subfield code="t">Monthly news</subfield></datafield></record>